<record><leader>00000cas a22000007a 4500</leader><controlfield tag="001">35144281</controlfield><controlfield tag="008">960725c19679999cauwr ne      0    0eng d</controlfield><datafield ind1=" " ind2=" " tag="010"><subfield code="a">sn 96064423 </subfield></datafield><datafield ind1=" " ind2=" " tag="040"><subfield code="a">CNK</subfield><subfield code="b">eng</subfield><subfield code="c">CNK</subfield><subfield code="d">OCLCQ</subfield><subfield code="d">OCLCF</subfield><subfield code="d">OCLCO</subfield></datafield><datafield ind1="1" ind2=" " tag="029"><subfield code="a">AU@</subfield><subfield code="b">000013408198</subfield></datafield><datafield ind1=" " ind2=" " tag="042"><subfield code="a">msc</subfield></datafield><datafield ind1=" " ind2=" " tag="043"><subfield code="a">n-us-ca</subfield></datafield><datafield ind1="0" ind2="0" tag="245"><subfield code="a">Trona Argonaut.</subfield></datafield><datafield ind1=" " ind2=" " tag="260"><subfield code="a">Trona, Calif. :</subfield><subfield code="b">Doris Bray and Mary Landis</subfield></datafield><datafield ind1=" " ind2=" " tag="300"><subfield code="a">v.</subfield></datafield><datafield ind1=" " ind2=" " tag="310"><subfield code="a">Weekly</subfield></datafield><datafield ind1="1" ind2=" " tag="362"><subfield code="a">Began in 1967.</subfield></datafield><datafield ind1=" " ind2=" " tag="500"><subfield code="a">"For the Searles Valley, including Trona, Argus, Westend and Pioneer Point."</subfield></datafield><datafield ind1=" " ind2=" " tag="588"><subfield code="a">Description based on: Vol. 9, no. 23 (Sept. 13, 1967).</subfield></datafield><datafield ind1=" " ind2="0" tag="651"><subfield code="a">Searles Valley (Calif.)</subfield><subfield code="v">Newspapers.</subfield></datafield><datafield ind1=" " ind2="7" tag="655"><subfield code="a">Newspapers.</subfield><subfield code="2">fast</subfield><subfield code="0">(OCoLC)fst01423814</subfield></datafield><datafield ind1=" " ind2="7" tag="651"><subfield code="a">California</subfield><subfield code="z">Searles Valley.</subfield><subfield code="2">fast</subfield><subfield code="0">(OCoLC)fst01243112</subfield></datafield><datafield ind1=" " ind2=" " tag="752"><subfield code="a">United States</subfield><subfield code="b">California</subfield><subfield code="c">San Bernardino</subfield><subfield code="d">Trona.</subfield></datafield><datafield ind1="0" ind2="0" tag="780"><subfield code="t">Trona Argonaut and Searles review</subfield><subfield code="w">(DLC)sn 97060425</subfield></datafield></record>